00566cas a22002171a 4500
001 999281083502836
003 Nz
005 20161223153905.0
008 031222d1895uuuunz  r ne      0   0 eng d
035    $a (NLNZils)928108
035    $a (Nz)8137768
035    $a (NLNZils)928108-ilsdb
035    $a (OCoLC)173420917
040    $a WN $c WN
042    $a nznb
043    $a u-nz---
245 00 $a Daily commercial news and shipping register.
260    $a [Wellington, N.Z. : $b s.n., $c 1895-?]
310    $a Daily
362 0  $a 1895 Sep.28-?
655  7 $a New Zealand newspapers. $2 local $5 Nz
